@book{brendon,
  title     = {Topology and Geometry},
  pages     = {1-557},
  year      = {1993},
  issn      = {0072-5285},
  doi       = {https://doi.org/10.1007/978-1-4757-6848-0},
  url       = {https://link.springer.com/book/10.1007/978-1-4757-6848-0},
  author    = {Glen E. Brendon},
  publisher = {Springer New York, NY}
}
@inbook{dimension,
  isbn      = {9780691627748},
  url       = {http://www.jstor.org/stable/j.ctt183pk8v.8},
  author    = {Witold Hurewicz and Henry Wallman},
  booktitle = {Dimension Theory (PMS-4)},
  pages     = {52--73},
  publisher = {Princeton University Press},
  title     = {Covering and Imbedding Theorems},
  urldate   = {2024-06-12},
  year      = {1941}
}
@article{hanner,
  title     = {Some theorems on absolute neighborhood retracts},
  author    = {Hanner, Olof},
  journal   = {Arkiv f{\"o}r Matematik},
  volume    = {1},
  number    = {5},
  pages     = {389--408},
  year      = {1951},
  publisher = {Springer}
}
@article{hirsch,
  title   = {On normal microbundles},
  author  = {Hirsch, Morris W},
  journal = {Topology},
  volume  = {5},
  number  = {3},
  pages   = {229--240},
  year    = {1966}
}
@article{kervaire,
  title   = {A manifold which does not admit any differentiable structure},
  author  = {Kervaire, Michel A},
  journal = {Comment. Math. Helv},
  volume  = {34},
  number  = {1},
  pages   = {257--270},
  year    = {1960}
}
@article{kuczma,
  title     = {An introduction to the theory of functional equations and inequalities},
  author    = {Kuczma, Marek},
  journal   = {(No Title)},
  year      = {2009},
  publisher = {Birkh{\"a}user Basel}
}
@book{lee,
  title     = {Introduction to Smooth Manifolds},
  pages     = {1-708},
  year      = {2012},
  issn      = {0072-5285},
  doi       = {https://doi.org/10.1007/978-1-4419-9982-5},
  url       = {https://link.springer.com/book/10.1007/978-1-4419-9982-5},
  author    = {John M. Lee},
  publisher = {Springer New York, NY}
}
@article{milnor,
  title   = {Microbundles: Part I},
  journal = {Topology},
  volume  = {3},
  pages   = {53-80},
  year    = {1964},
  issn    = {0040-9383},
  doi     = {https://doi.org/10.1016/0040-9383(64)90005-9},
  url     = {https://www.sciencedirect.com/science/article/pii/0040938364900059},
  author  = {J. Milnor}
}
@article{milnor7sphere,
  issn      = {0003486X},
  url       = {http://www.jstor.org/stable/1969983},
  author    = {John Milnor},
  journal   = {Annals of Mathematics},
  number    = {2},
  pages     = {399--405},
  publisher = {Annals of Mathematics},
  title     = {On Manifolds Homeomorphic to the 7-Sphere},
  urldate   = {2024-06-09},
  volume    = {64},
  year      = {1956}
}
@article{rourke,
  title     = {An embedding without a normal microbundle},
  author    = {Rourke, Colin P and Sanderson, Brian J},
  journal   = {Inventiones mathematicae},
  volume    = {3},
  pages     = {293--299},
  year      = {1967},
  publisher = {Springer-Verlag}
}
@article{sanderson,
  issn      = {0003486X},
  url       = {http://www.jstor.org/stable/1970591},
  author    = {C. P. Rourke and B. J. Sanderson},
  journal   = {Annals of Mathematics},
  number    = {1},
  pages     = {1--28},
  publisher = {Annals of Mathematics},
  title     = {Block Bundles: I},
  urldate   = {2024-06-05},
  volume    = {87},
  year      = {1968}
}
@article{whitehead,
  title     = {Manifolds with transverse fields in euclidean space},
  author    = {Whitehead, J Henry C},
  journal   = {Annals of Mathematics},
  pages     = {154--212},
  year      = {1961},
  publisher = {JSTOR}
}
@article{williamson,
  title     = {Cobordism of combinatorial manifolds},
  author    = {Williamson, Robert E},
  journal   = {Annals of mathematics},
  pages     = {1--33},
  year      = {1966},
  publisher = {JSTOR}
}